<record><leader>00000cas a22000007a 4500</leader><controlfield tag="001">14766573</controlfield><controlfield tag="008">861119d18461848inuwr ne      0    0eng d</controlfield><datafield ind1=" " ind2=" " tag="010"><subfield code="a">sn 86058997 </subfield></datafield><datafield ind1=" " ind2=" " tag="040"><subfield code="a">NPI</subfield><subfield code="b">eng</subfield><subfield code="c">NPI</subfield><subfield code="d">OCLCQ</subfield></datafield><datafield ind1=" " ind2=" " tag="042"><subfield code="a">msc</subfield></datafield><datafield ind1="0" ind2=" " tag="130"><subfield code="a">Western Republican (Delphi, Ind.)</subfield></datafield><datafield ind1="1" ind2="0" tag="245"><subfield code="a">Western Republican.</subfield></datafield><datafield ind1=" " ind2=" " tag="260"><subfield code="a">Delphi, Carroll Co., Ind. :</subfield><subfield code="b">J.R. Horsley,</subfield><subfield code="c">1846-</subfield></datafield><datafield ind1=" " ind2=" " tag="310"><subfield code="a">Weekly</subfield></datafield><datafield ind1="0" ind2=" " tag="362"><subfield code="a">Vol. 1, no. 8 (Sept. 12, 1846)-</subfield></datafield><datafield ind1="1" ind2=" " tag="362"><subfield code="a">Ceased in Oct. 1848?</subfield></datafield><datafield ind1=" " ind2=" " tag="752"><subfield code="a">United States</subfield><subfield code="b">Indiana</subfield><subfield code="c">Carroll</subfield><subfield code="d">Delphi.</subfield></datafield><datafield ind1="0" ind2="0" tag="780"><subfield code="t">Delphi Republican</subfield><subfield code="w">(DLC)sn 87055491</subfield></datafield></record>